@misc{W:liam,
author={Liam Huang},
title={一份其实很短的 LaTeX 入门文档},
howpublished={\url{https://liam.page/2014/09/08/latex-introduction/}},
year=2014,
}

@misc{W:jingwhale,
author={jingwhale},
title={Latex排版全解},
howpublished={\url{https://www.cnblogs.com/jingwhale/p/4250296.html}},
year=2015,
}